
@article{economon2015su2,
  title={SU2: An open-source suite for multiphysics simulation and design},
  author={Economon, Thomas D and Palacios, Francisco and Copeland, Sean R and Lukaczyk, Trent W and Alonso, Juan J},
  journal={Aiaa Journal},
  volume={54},
  number={3},
  pages={828--846},
  year={2015},
  publisher={American Institute of Aeronautics and Astronautics}
}
